@online{javaccgithub,
    author        = {Sreeni Viswanadha and Sriram Sankar.},
    title         = {JavaCC. The most popular parser generator for use with Java applications},
    year          = {1996},
    url           = {https://javacc.github.io/javacc/}
}
@misc{robertfisher,
   title = {GitHub - RobertFischer/json-parser: JavaCC-built JSON Parser},
   url = {https://github.com/RobertFischer/json-parser},
}
@misc{ide,
   title = {¿Qué es y para qué sirve un IDE?},
   url = {https://www.redhat.com/es/topics/middleware/what-is-ide},
}
@misc{primerproyectojavacc,
   title = {Mi primer proyecto utilizando JavaCC - Erick Navarro},
   url = {https://www.ericknavarro.io/2020/02/10/23-Mi-primer-proyecto-utilizando-JavaCC/},
}
@misc{intro,
   title = {introducción a JavaCC},
   url = {https://studylib.es/doc/6172839/introducci%C3%B3n-a-javacc},
}
@misc{xquery,
   title = {Implementing the XQuery grammar},
   url = {https://xqengine.sourceforge.net/extreme_2002.html},
}
@book{librodeldragon,
   abstract = {2. ed. Índice abreviado: 1. Introducción 2. Un traductor simple orientado a la sintaxis 3. Análisis léxico 4. Análisis sintáctico 5. Traducción orientada por la sintaxis 6. Generación de códico intermedio 7. Entornos en tiempo de ejecución 8. Generación de código 9. Optimizaciones independientes de la máquina 10. Paralelismo a nivel de instrucción 11. Optimización para el paralelismo y la localidad 12. Análisis interprocedural A. Un front-end completo B. Búsqueda de soluciones linealmente independientes.},
   author = {Alfred V. Aho},
   isbn = {9789702611332},
   publisher = {Pearson Educación},
   title = {Compiladores : principios, técnicas y herramientas},
   year = {2008},
}

@article{javaccc++preprocessor,
author = {Succi, Giancarlo and Wong, Raymond},
year = {1999},
month = {09},
pages = {11-18},
title = {The application of JavaCC to develop a C/C++ preprocessor},
volume = {7},
journal = {ACM Sigapp Applied Computing Review},
doi = {10.1145/333630.333633}
}

@misc{netbeans,
   title = {JavaCC Parser Generator Integration Tutorial for the NetBeans Platform},
   url = {https://netbeans.apache.org/tutorial/main/tutorials/nbm-javacc-parser/},
}
@misc{oracle,
   title = {Introducing the JavaCC 21 parser generator for Java},
   url = {https://blogs.oracle.com/javamagazine/post/introducing-the-javacc-21-parser-generator-for-java},
}
@misc{apache,
   title = {Apache Ant JavaCC Task},
   url = {https://ant.apache.org/manual/Tasks/javacc.html},
}

@article{languageprocessing,
author = {Kodaganallur, Viswanathan},
year = {2004},
month = {08},
pages = {70- 77},
title = {Incorporating language processing into Java applications: A JavaCC tutorial},
volume = {21},
journal = {Software, IEEE},
doi = {10.1109/MS.2004.16}
}

@misc{javaparser,
   title = {JavaParser},
   url = {https://javaparser.org/},
}

@misc{apachepaginaoficial,
   title = {Apache Projects Directory},
   url = {https://projects.apache.org/},
}
@misc{apachehttp,
   title = {Apache HTTP Server: ¿Qué es, cómo funciona y para qué sirve? | Blog IBX Agency},
   url = {https://www.ibxagency.com/blog/apache-http-server-que-es-como-funciona-y-para-que-sirve/},
}

@misc{expressionlanguage,
   title = {Expression Language - The Java EE 6 Tutorial},
   url = {https://docs.oracle.com/javaee/6/tutorial/doc/gjddd.html},
}

@misc{antlr,
   title = {What's better, ANTLR or JavaCC? - Stack Overflow},
   url = {https://stackoverflow.com/questions/382211/whats-better-antlr-or-javacc},
}
@misc{analizadorsintactico,
   title = {Funciones del Analizador Sintáctico},
   author = {Julio Ágila},
   url = {https://kataix.umag.cl/~jaguila/Compilers/T09_Funciones_Sintacticas.pdf},
}
@article{traductorescompiladoreseinterpretes, 
   author = {Aguilera Sierra and Sergio Gálvez and Rojas Tema and Sintáctico Análisis},
   title = {Traductores, Compiladores e Intérpretes},
	url = {http://www.lcc.uma.es/~galvez/ftp/tci/tictema3.pdf},
}
@misc{lexer,
   title = {Análisis léxico (analizador) en diseño de compilador con ejemplo},
   url = {https://www.guru99.com/es/compiler-design-lexical-analysis.html},
}
@misc{token,
   title = {Analizador léxico},
   url = {https://es.wikipedia.org/wiki/Analizador_l%C3%A9xico#Token},
}
@misc{ytanalizadorlexico,
	title = {Analizador Léxico con JavaCC},
	url = {https://www.youtube.com/watch?v=MlBmgcwFLEc},
}
@misc{ytanalizadorsintactico,
	title = {Analizador Sintáctico con JavaCC},
	url = {https://www.youtube.com/watch?v=GdWn6v0t4uc&list=PLKuOYUvjPrsOLt8gdgk9G4Q3LjVZoUWpW&index=2&t=146s},
}